% This file was created with JabRef 2.10.
% Encoding: UTF-8


@InProceedings{BaharEtAl-1993,
  Title                    = {Algebraic Decision Diagrams and their Applications},
  Author                   = {Bahar,, R. Iris and Frohm,, Erica A. and Gaona,, Charles M. and Hachtel,, Gary D. and Macii,, Enrico and Pardo,, Abelardo and Somenzi,, Fabio},
  Booktitle                = {Proceedings of 1993 IEEE/ACM International Conference on Computer-Aided Design},
  Year                     = {1993},
  Pages                    = {188-191},

  ISBN                     = {0-8186-4490-7},
  Location                 = {Santa Clara, California, United States},
  Owner                    = {daniel},
  Timestamp                = {2013.03.21}
}

@Article{BartoBradtkeSingh-1995,
  Title                    = {Learning to act using real-time dynamic programming},
  Author                   = {Andrew G. Barto and Steven J. Bradtke and Satinder P. Singh},
  Journal                  = {Artificial Intelligence},
  Year                     = {1995},
  Pages                    = {81 - 138},
  Volume                   = {72},

  ISSN                     = {0004-3702},
  Owner                    = {daniel},
  Timestamp                = {2012.06.07}
}

@Article{Bellman-1966,
  Title                    = {Dynamic programming},
  Author                   = {Bellman, Richard},
  Journal                  = {Science},
  Volume                   = {153},
  Number                   = {3731},
  Pages                    = {34--37},
  Year                     = {1966},
  Publisher                = {American Association for the Advancement of Science}
}

@Article{Bertsekas-1982,
  Title                    = {Distributed Dynamic Programming},
  Author                   = {Dimitri P. Bertsekas},
  Journal                  = {{IEEE} Transactions on Automatic Control},
  Year                     = {1982},
  Pages                    = {610--617},
  Volume                   = {27},

  Owner                    = {daniel},
  Timestamp                = {2013.02.24}
}

@Article{BertsekasTsitsiklis-1991,
  Title                    = {An analysis of stochastic shortest path problems},
  Author                   = {Dimitri P. Bertsekas and John N. Tsitsiklis},
  Journal                  = {Math. Oper. Res.},
  Year                     = {1991},
  Number                   = {3},
  Pages                    = {580--595},
  Volume                   = {16},

  Address                  = {Institute for Operations Research and the Management Sciences (INFORMS), Linthicum, Maryland, USA},
  ISSN                     = {0364-765X},
  Publisher                = {INFORMS}
}

@Article{BertsekasTsitsiklis-1989,
  Title                    = {Parallel and distributed computation},
  Author                   = {Bertsekas, Dimitri P and Tsitsiklis, John N},
  Year                     = {1989},

  Publisher                = {Old Tappan, NJ (USA); Prentice Hall Inc.}
}

@Conference{BertuccelliHow-2008,
  Title                    = {Robust {M}arkov Decision Processes using Sigma Point sampling},
  Author                   = {Bertuccelli, L. F. and How, J. P.},
  Booktitle                = {American Control Conference (ACC)},
  Year                     = {2008},
  Pages                    = {5003-5008},

  Owner                    = {daniel},
  Timestamp                = {2013.05.22}
}

@Article{BonetGeffer-2003,
  Title                    = {Labeled {R}{T}{D}{P}: Improving the convergence of real-time dynamic programming},
  Author                   = {B. Bonet and H. Geffner},
  Journal                  = {Proceedings of 2003 International Conference on Automated Planning and Scheduling},
  Year                     = {2003},
  Pages                    = {12--21},

  Publisher                = {AAAI Press}
}

@InProceedings{BoutilierEtAl-1996,
  Title                    = {Context-specific Independence in Bayesian Networks},
  Author                   = {Boutilier, Craig and Friedman, Nir and Goldszmidt, Moises and Koller, Daphne},
  Booktitle                = {Proceedings of the Twelfth International Conference on Uncertainty in artificial intelligence},
  Year                     = {1996},
  Pages                    = {115-123},

  Citeulike-article-id     = {916909},
  Owner                    = {daniel},
  Posted-at                = {2006-10-29 20:32:43},
  Priority                 = {0},
  Timestamp                = {2013.03.21}
}

@Article{BoutilierEtAl-1999,
  Title                    = {Decision-theoretic Planning: Structural Assumptions and Computational Leverage},
  Author                   = {Craig Boutilier and Steve Hanks and Thomas Dean},
  Journal                  = {Journal of Artificial Intelligence Research},
  Year                     = {1999},
  Pages                    = {1-94},
  Volume                   = {11},

  ISSN                     = {1076-9757},
  Key                      = {Boutilier99},
  Owner                    = {daniel},
  Timestamp                = {2013.05.13}
}

@Article{Bryant-1992,
  Title                    = {Symbolic Boolean Manipulation with Ordered Binary-Decision Diagrams},
  Author                   = {Randal E. Bryant},
  Journal                  = {ACM Computing Surveys},
  Year                     = {1992},
  Pages                    = {293--318},
  Volume                   = {24},

  Owner                    = {daniel},
  Timestamp                = {2013.06.02}
}

@InProceedings{BuffetAberdeen-2005,
  Title                    = {Robust Planning with {L}{R}{T}{D}{P}},
  Author                   = {Olivier Buffet and Douglas Aberdeen},
  Booktitle                = {Proceedings of 2005 International Joint Conference on Artificial Intelligence},
  Year                     = {2005},
  Pages                    = {1214-1219},

  Owner                    = {daniel},
  Timestamp                = {2013.05.22}
}

@Article{Cozman-2005,
  Title                    = {Graphical Models for Imprecise Probabilities},
  Author                   = {F. G. Cozman},
  Journal                  = {International Journal of Approximate Reasoning},
  Year                     = {2005},
  Pages                    = {167--184},
  Volume                   = {39(2-3)},

  Owner                    = {daniel},
  Timestamp                = {2013.03.20}
}

@Article{Cozman-2000,
  Title                    = {Credal Networks},
  Author                   = {F. G. Cozman},
  Journal                  = {Artificial Intelligence},
  Year                     = {2000},
  Pages                    = {199-233},
  Volume                   = {120},

  Owner                    = {daniel},
  Timestamp                = {2013.02.19}
}

@Book{Cunha-2000,
  Title                    = {M\'{e}todos Num\'{e}ricos},
  Author                   = {M. Cristina C. Cunha},
  Publisher                = {Editora Unicamp},
  Year                     = {2000},

  Owner                    = {daniel},
  Timestamp                = {2013.05.09}
}

@Article{DeanKanazawa-1990,
  Title                    = {A Model for Reasoning about Persistence and Causation},
  Author                   = {Thomas Dean and Keiji Kanazawa},
  Journal                  = {Computational Intelligence},
  Year                     = {1990},
  Pages                    = {142--150},
  Volume                   = {5},

  Address                  = {Cambridge, MA, USA},
  ISSN                     = {0824-7935},
  Owner                    = {daniel},
  Publisher                = {Blackwell Publishers, Inc.},
  Timestamp                = {2013.03.21}
}

@Article{DelgadoSannerBarros-2011,
  Title                    = {Efficient solutions to factored {M}{D}{P}s with imprecise transition probabilities},
  Author                   = {Karina Valdivia Delgado and Scott Sanner and Leliane Nunes de Barros},
  Journal                  = {Artificial Intelligence},
  Year                     = {2011},
  Pages                    = {1498 - 1527},
  Volume                   = {175},

  ISSN                     = {0004-3702},
  Owner                    = {daniel},
  Timestamp                = {2012.06.07}
}

@Article{GuestrinEtAl-2003,
  Title                    = {Efficient Solution Algorithms for Factored {M}{D}{P}s},
  Author                   = {Carlos Guestrin and Daphne Koller and Ronald Parr and Shobha Venkataraman},
  Journal                  = {Journal of Artificial Intelligence Research},
  Year                     = {2003},
  Pages                    = {399-468},
  Volume                   = {19},

  Key                      = {Guestrin2003},
  Owner                    = {daniel},
  Timestamp                = {2013.05.21}
}

@InProceedings{HoeyStAubinBoutilier-1999,
  Title                    = {S{P}{U}{D}{D}: {S}tochastic {P}lanning using {D}ecision {D}iagrams},
  Author                   = {Jesse Hoey and Robert St-Aubin and Alan Hu and Craig Boutilier},
  Booktitle                = {Proceedings of the Fifteenth Conference on Uncertainty in Artificial Intelligence},
  Year                     = {1999},
  Pages                    = {279-288},

  Owner                    = {daniel},
  Timestamp                = {2013.05.21}
}

@MastersThesis{Holguin-2013,
  Title                    = {Planejamento Probabil\'{i}stico usando Programa{\c c}\~{a}o Din\^{a}mica ass\'{i}ncrona e fatorada},
  Author                   = {Mijail Gamarra Holguin},
  School                   = {IME-USP},
  Year                     = {2013},

  Owner                    = {daniel},
  Timestamp                = {2013.04.17}
}

@Article{Howard-1960,
  Title                    = {Dynamic Programming and Markov Processes},
  Author                   = {Howard, Ronald A},
  Year                     = {1960},
  Publisher                = {John Wiley}
}

@InProceedings{Kikuti-2005,
  Title                    = {Partially ordered preferences in decision trees: computing strategies with imprecision in probabilities},
  Author                   = {Daniel Kikuti and Fabio Gagliardi Cozman and Cassio Polpo de Campos},
  Booktitle                = {{IJCAI} Workshop on Advances in Preference Handling},
  Year                     = {2005},
  Pages                    = {118-123},

  Key                      = {Kikuti2005},
  Owner                    = {daniel},
  Timestamp                = {2013.05.25}
}

@Article{KolobovEtAl-2012,
  Title                    = {Reverse Iterative Deepening for Finite-Horizon {M}{D}{P}s with Large Branching Factors},
  Author                   = {Andrey Kolobov and Peng Dai and Mausam and Daniel Weld},
  Journal                  = {Proceedings of the 2012 International Conference on Automated Planning and Scheduling},
  Year                     = {2012},

  Owner                    = {daniel},
  Timestamp                = {2013.05.21}
}

@InProceedings{LittleThiebaux-2007,
  Title                    = {Probabilistic planning vs. replanning},
  Author                   = {Iain Little and Sylvie Thiébaux},
  Booktitle                = {ICAPS Workshop on IPC: Past, Present and Future},
  Year                     = {2007},

  Owner                    = {daniel},
  Timestamp                = {2013.05.03}
}

@Book{GhallabNauTraverso-2004,
  Title                    = {Automated Planning: Theory and Practice},
  Author                   = {Malik Ghallab, Dana Nau and Paolo Traverso},
  Editor                   = {Denise E. M. Penrose},
  Publisher                = {Morgan Kaufmann},
  Year                     = {2004},

  Owner                    = {daniel},
  Timestamp                = {2012.06.07}
}

@article{MausamKolobov-2012,
  title={Planning with Markov decision processes: An {A}{I} perspective},
  author={Mausam and Kolobov, Andrey},
  journal={Synthesis Lectures on Artificial Intelligence and Machine Learning},
  volume={6},
  number={1},
  pages={1--210},
  year={2012},
  publisher={Morgan \& Claypool Publishers}
}

@InProceedings{McMahanEtAl-2005,
  Title                    = {Bounded {R}eal-{T}ime {D}ynamic {P}rogramming: {R}{T}{D}{P} with monotone upper bounds and performance guarantees},
  Author                   = {McMahan, H. Brendan and Likhachev, Maxim and Gordon, Geoffrey J.},
  Booktitle                = {Proceedings of the 22nd International Conference on Machine Learning},
  Year                     = {2005},
  Pages                    = {569-576},

  ISBN                     = {1-59593-180-5},
  Location                 = {Bonn, Germany},
  Owner                    = {daniel},
  Timestamp                = {2013.05.22}
}

@Book{Puterman-1994,
  Title                    = {Markov Decision Processes: Discrete Stochastic Dynamic Programming},
  Author                   = {Martin L. Puterman},
  Publisher                = {John Wiley \& Sons},
  Year                     = {1994},

  Owner                    = {daniel},
  Timestamp                = {2012.06.07}
}

@Book{RussellNorvig-2010,
  Title                    = {Artificial Intelligence: A Modern Approach},
  Author                   = {Stuart Russell and Peter Norvig},
  Publisher                = {Pearson Education},
  Year                     = {2010},

  Owner                    = {daniel},
  Timestamp                = {2012.06.07}
}

@InProceedings{SannerEtAl-2009,
  Title                    = {Bayesian Real-Time Dynamic Programming},
  Author                   = {Scott Sanner and Robby Goetschalckx and Kurt Driessens and Guy Shani},
  Booktitle                = {Proceedings of 2009 International Joint Conference in Artificial Intelligence},
  Year                     = {2009},
  Pages                    = {1784-1789},

  Ee                       = {http://ijcai.org/papers09/Papers/IJCAI09-297.pdf},
  Owner                    = {daniel},
  Timestamp                = {2013.05.22}
}

@Article{SatiaLaveJr-1970,
  Title                    = {Markovian Decision Processes with Uncertain Transition Probabilities},
  Author                   = {Jay K. Satia and Roy E. {Lave Jr.}},
  Journal                  = {Operations Research},
  Year                     = {1970},
  Pages                    = {728-740},
  Volume                   = {21},

  Key                      = {Satia70},
  Owner                    = {daniel},
  Timestamp                = {2013.02.19}
}

@InProceedings{SmithSimmons-2006,
  Title                    = {Focused Real-Time Dynamic Programming for {M}{D}{P}s: Squeezing More Out of a Heuristic},
  Author                   = {Trey Smith and Reid G. Simmons},
  Booktitle                = {Proceedings of the National Conference on Artificial Intelligence (AAAI)},
  Year                     = {2006},

  Owner                    = {daniel},
  Timestamp                = {2013.05.22}
}

@InProceedings{StAubinHoeyBoutilier-2000,
  Title                    = {A{P}{R}{I}{C}{O}{D}{D}: {A}pproximate {P}olicy {C}onstruction using {D}ecision {D}iagrams},
  Author                   = {Robert St-Aubin and Jesse Hoey and Craig Boutilier},
  Booktitle                = {Proceedings of Advances in Neural Information Processing Systems},
  Year                     = {2000},
  Pages                    = {1089-1095},

  Owner                    = {daniel},
  Timestamp                = {2013.05.21}
}

@Misc{Trevisan-2012,
  Title                    = {{S}hort-Sighted Stochastic Shortest Path Problems. Apresenta{\c c}\~{a}o realizada durante o ICAPS-2012,
},

  Author                   = {Felipe Trevisan},
  Year                     = {2012},

  Url                      = {http://icaps12.icaps-conference.org/technicalprogram/presentations/Talk%201%20--%20Felipe%20Trevizan%20--%20Short-sighted%20SSP.pdf}
}

@PhdThesis{Trevisan-2013,
  Title                    = {Short-sighted {P}robabilistic {P}lanning},
  Author                   = {Felipe W Trevizan},
  School                   = {Carnegie Melon},
  Year                     = {2013},

  Owner                    = {Daniel},
  Timestamp                = {2014.06.26}
}

@InProceedings{TrevisanVeloso-2012,
  Title                    = {Short-sighted stochastic shortest path problems},
  Author                   = {Trevizan, Felipe W and Veloso, Manuela M},
  Booktitle                = {In Proceedings of the 22nd International Conference on Automated Planning and Scheduling (ICAPS)},
  Year                     = {2012},

  Owner                    = {daniel},
  Timestamp                = {2013.06.10}
}

@Article{WhiteElDeib-1994,
  Title                    = {Markov Decision Processes with Imprecise Transition Probabilities},
  Author                   = {Chelsea C. {White III} and Hank K. El-Deib},
  Journal                  = {Operations Research},
  Year                     = {1994},
  Pages                    = {739-749},
  Volume                   = {42},

  Key                      = {White94},
  Owner                    = {daniel},
  Timestamp                = {2013.02.20}
}

@InProceedings{ZhangPoole-1994,
  Title                    = {A Simple Approach to Bayesian Network Computations},
  Author                   = {N. L. Zhang and D. Poole},
  Booktitle                = {Proceedings of the Tenth Canadian Conference on Artificial Intelligence},
  Year                     = {1994},
  Pages                    = {171-178},

  Owner                    = {daniel},
  Timestamp                = {2013.03.21}
}

@comment{jabref-meta: selector_publisher:}

@comment{jabref-meta: selector_author:}

@comment{jabref-meta: selector_journal:}

@comment{jabref-meta: selector_keywords:}

